%% This BibTeX bibliography file was created using BibDesk.
%% http://bibdesk.sourceforge.net/


%% Created for Chi Trung Nguyen at 2014-06-26 09:57:36 +0200 


%% Saved with string encoding Unicode (UTF-8) 



@inproceedings{Chen:SleepMonitoring,
	Author = {Zhenyu Chen and Mu Lin and Fanglin Chen and Nicholas D. Lane and Giuseppe Cardone and Rui Wang and Tianxing Li and Yiqiang Chen and Tanzeem Choudhury and Andrew T. Campbell},
	Booktitle = {Pervasive Computing Technologies for Healthcare (PervasiveHealth), 2013 7th International Conference on Pervasive Computing Technologies for Healthcare},
	Date-Modified = {2014-06-25 14:15:58 +0000},
	Howpublished = {\url{http://niclane.org/pubs/ph_bes.pdf}},
	Optaddress = {*},
	Optannote = {*},
	Optcrossref = {*},
	Opteditor = {*},
	Optkey = {*},
	Optmonth = {5},
	Optnote = {\url{http://ieeexplore.ieee.org/xpl/articleDetails.jsp?tp=&arnumber=6563918&queryText%3DUnobtrusive+sleep+monitoring+using+smartphones}},
	Optnumber = {*},
	Optorganization = {*},
	Optpages = {*},
	Optpublisher = {IEEE},
	Optseries = {*},
	Optvolume = {*},
	Optyear = {2013},
	Title = {Unobtrusive Sleep Monitoring using Smartphones},
	Year = {2013}}

@misc{web:SleepCycle,
	Author = {Northcube},
	Howpublished = {\url{http://www.sleepcycle.com/}},
	Month = {June},
	Title = {Sleep Cycle Alarm Clock},
	Year = {2014}}

@misc{web:Pulsmessen,
	Author = {Michael-Alexander Beisecker},
	Howpublished = {\url{http://www.experto.de/b2b/computer/gadgets/pulsmessen-mit-iphone-android-smartphone-und-tablet-pc.html}},
	Month = {June},
	Title = {Pulsmessen mit dem iPhone und Android-Smartphones},
	Year = {2014}}

@misc{fig:Hypnogramm,
	Author = {AXBO},
	Lastchecked = {25.06.2014},
	Month = {*},
	Title = {Schlafverlauf Hypnogram},
	Url = {http://axbo.com/international/docs/aXbo_Schlafverlauf_Hypnogramm_DE.png},
	Year = {*},
	Bdsk-Url-1 = {http://axbo.com/international/docs/aXbo_Schlafverlauf_Hypnogramm_DE.png}}
